Automatically generated by Mendeley Desktop 1.19.8
Any changes to this file will be lost if it is regenerated by Mendeley.

BibTeX export options can be customized via Options -> BibTeX in Mendeley Desktop

@article{Mirjalili2014,
author = {Mirjalili, Seyedali and Mirjalili, Seyed Mohammad and Yang, Xin She},
doi = {10.1007/s00521-013-1525-5},
file = {:C\:/Users/david/AppData/Local/Mendeley Ltd./Mendeley Desktop/Downloaded/Mirjalili, Mirjalili, Yang - 2014 - Binary bat algorithm.pdf:pdf},
isbn = {0052101315255},
issn = {09410643},
journal = {Neural Computing and Applications},
keywords = {Bat algorithm,Binary optimization,Bio-inspired algorithm,Discrete evolutionary algorithms,Discrete optimization,Optical buffer design,Optimization},
number = {3-4},
pages = {663--681},
title = {{Binary bat algorithm}},
volume = {25},
year = {2014}
}
@misc{ANEEL2021,
author = {{Assessoria Institucional da Diretoria - ANEEL}},
booktitle = {04/05/2021},
title = {{Capacidade instalada em 2021 supera 1 gigawatt; e{\'{o}}licas s{\~{a}}o o destaque pelo quarto m{\^{e}}s seguido}},
url = {http://www.aneel.gov.br/sala-de-imprensa-exibicao-2/-/asset_publisher/zXQREz8EVlZ6/content/capacidade-instalada-em-2021-supera-1-gigawatt-eolicas-sao-o-destaque-pelo-quarto-mes-seguido/656877?inheritRedirect=false&redirect=http:%2F%2Fwww.aneel.gov.br%2Fsa},
urldate = {2021-08-24},
year = {2021}
}
@article{Gao,
author = {Gao, Xiaoxia and Yang, Hongxing and Lin, Lu and Koo, Prentice},
doi = {10.1016/j.jweia.2015.01.018},
issn = {01676105},
journal = {Journal of Wind Engineering and Industrial Aerodynamics},
keywords = {Hong Kong offshore,Multi-population genetic algorithm,Wind farm,Wind turbine layout optimization},
number = {April 2015},
pages = {89--99},
title = {{Wind turbine layout optimization using multi-population genetic algorithm and a case study in Hong Kong offshore}},
volume = {139},
year = {2015}
}
@inproceedings{A.G.Calsavara2020,
abstract = {O amortecimento de oscila{\c{c}}{\~{o}}es eletromec{\^{a}}nicas de baixa frequ{\^{e}}ncia {\'{e}} crucial para uma opera{\c{c}}{\~{a}}o confi{\'{a}}vel dos sistemas el{\'{e}}tricos. Estas s{\~{a}}o resultado do desbalan{\c{c}}o entre os torques el{\'{e}}trico e mec{\^{a}}nico nas m{\'{a}}quinas s{\'{i}}ncronas ap{\'{o}}s pequenas varia{\c{c}}{\~{o}}es de carga e de gera{\c{c}}{\~{a}}o. Caso n{\~{a}}o sejam amortecidas, estas podem deteriorar os geradores, reduzir os limites de transfer{\^{e}}ncia de pot{\^{e}}ncia entre {\'{a}}reas e causar blecautes. Desde a d{\'{e}}cada de setenta, estabilizadores de sistemas de pot{\^{e}}ncia (power system stabilizers – PSS) t{\^{e}}m sido usados para o amortecimento de oscila{\c{c}}{\~{o}}es atrav{\'{e}}s do controle da excita{\c{c}}{\~{a}}o dos geradores. Com o advento dos dispositivos FACTS, surgiram novas oportunidades para um controle mais eficaz em regime permanente dos sistemas bem como para o amortecimento de oscila{\c{c}}{\~{o}}es (atrav{\'{e}}s dos controladores power oscillation damper – POD). Um dos dispositivos FACTS mais usados {\'{e}} o Compensador S{\'{e}}rie Controlado a Tiristor (Thyristor Controlled Series Capacitor - TCSC) usualmente empregado para controle de pot{\^{e}}ncia. Uma importante tarefa {\'{e}} o ajuste de v{\'{a}}rios controladores PSS e POD para o amortecimento de oscila{\c{c}}{\~{o}}es considerando v{\'{a}}rios pontos de opera{\c{c}}{\~{a}}o (que traduzem a incerteza na opera{\c{c}}{\~{a}}o do sistema). Nesse trabalho, {\'{e}} investigada a aplica{\c{c}}{\~{a}}o do algoritmo de otimiza{\c{c}}{\~{a}}o bioinspirado no comportamento dos coiotes (Coyote Optimization Algorithm - COA) no ajuste coordenado de controladores PSS e TCSC-POD para o amortecimento de oscila{\c{c}}{\~{o}}es considerando v{\'{a}}rios pontos de opera{\c{c}}{\~{a}}o. Resultados promissores s{\~{a}}o obtidos pelo COA para o sistema Sul-Brasileiro.},
author = {{A. G. Calsavara}, Matheus and Peres, Wesley},
booktitle = {Congresso Brasileiro de Autom{\'{a}}tica (CBA)},
doi = {10.48011/asba.v2i1.1495},
file = {:C\:/Users/david/AppData/Local/Mendeley Ltd./Mendeley Desktop/Downloaded/A. G. Calsavara, Peres - 2020 - Projeto Coordenado de Estabilizadores e Controladores TCSC-POD usando o Coyote Optimization Algorithm.pdf:pdf},
keywords = {algoritmo bioinspirado no comportamento,amortecimento de oscila{\c{c}}{\~{o}}es de,baixa frequ{\^{e}}ncia,coyote,dos coiotes,estabilizadores de,low-frequency oscillation damping,optimization algorithm,palavras-chaves,power system stabilizers,sistemas de pot{\^{e}}ncia,tcsc-pod},
title = {{Projeto Coordenado de Estabilizadores e Controladores TCSC-POD usando o Coyote Optimization Algorithm}},
year = {2020}
}
@article{Changshui2011,
author = {Changshui, Zhang and Guangdong, Hou and Jun, Wang},
doi = {10.1016/j.renene.2011.03.045},
file = {:C\:/Users/david/AppData/Local/Mendeley Ltd./Mendeley Desktop/Downloaded/Changshui, Guangdong, Jun - 2011 - A fast algorithm based on the submodular property for optimization of wind turbine positioning.pdf:pdf},
issn = {09601481},
journal = {Renewable Energy},
keywords = {Genetic algorithm,Optimization,Submodular,Wake model,Wind turbine positioning},
number = {11},
pages = {2951--2958},
publisher = {Elsevier Ltd},
title = {{A fast algorithm based on the submodular property for optimization of wind turbine positioning}},
url = {http://dx.doi.org/10.1016/j.renene.2011.03.045},
volume = {36},
year = {2011}
}
@techreport{ABEEolica2021,
author = {ABEE{\'{o}}lica},
file = {:C\:/Users/david/Downloads/PT_Boletim-Anual-de-Gera{\c{c}}{\~{a}}o_2020.pdf:pdf},
pages = {20},
title = {{Boletim Anual de Gera{\c{c}}{\~{a}}o E{\'{o}}lica 2020}},
year = {2021}
}
@article{Yang2016,
abstract = {Energy production of a wind farm is greatly affected by the wake-effect. In wind farm planning, it is essential to optimize the layout of wind turbine generators (WTGs) to alleviate the impact of wake-effect. This paper presents a new wind farm layout optimization model with an objective function to maximizing equivalent power of the wind farm. The proposed model incorporates the discrete joint probability distribution and characteristics of the wind, wind energy model, and the wake-effect. A particle swarm optimization algorithm is used to solve the optimization problem. In the optimization process, geometric analysis is conducted to determine the upstream WTGs and to calculate the horizontal and deviating distances among WTGs along the wind direction. An effective look-up table is constructed to directly determine the upstream/downstream WTGs. Then the optimal layout of a wind farm can be obtained. The proposed technique is applied to the wind farm layout optimization and the modified Roy Billinton Test System and IEEE Reliability Test System for reliability analysis of a generating system containing a wind farm. Simulation results demonstrate the validity and flexibility of the proposed technique in the layout optimization of WTGs in a wind farm.},
author = {Yang, Hejun and Xie, Kaigui and Tai, Heng Ming and Chai, Yi},
doi = {10.1109/TPWRS.2015.2452920},
issn = {08858950},
journal = {IEEE Transactions on Power Systems},
keywords = {Joint probability distribution,layout optimization,reliability evaluation,wake-effect,wind farm},
month = {may},
number = {3},
pages = {2135--2143},
publisher = {Institute of Electrical and Electronics Engineers Inc.},
title = {{Wind Farm Layout Optimization and Its Application to Power System Reliability Analysis}},
volume = {31},
year = {2016}
}
@article{gomes,
author = {Gomes, Leonardo L and Oliveira, Leonardo W and Jr, Ivo C Silva and Filho, Jo{\~{a}}o A Passos},
file = {:C\:/Users/david/AppData/Local/Mendeley Ltd./Mendeley Desktop/Downloaded/Gomes et al. - 2017 - Optimization of Wind Farms Layout Through Artificial Immune System.pdf:pdf},
journal = {Proceedings 12th Latin-American Congress on Electricity Generation and Transmission - CLAGTEE 2017},
pages = {1--7},
title = {{Optimization of Wind Farms Layout Through Artificial Immune System}},
year = {2017}
}
@article{mosetti,
abstract = {In this paper a novel approach to the optimization of large windfarms is presented. The wind turbine distribution at a given site is optimized in order to extract the maximum energy for the minimum installation costs. The optimization is made by associating a windfarm simulation model based on wake superposition with a genetic search code. The purpose of the paper is to prove the feasibility of the method by analyzing the results obtained in some simple applications. As a test case, a square site subdivided into 100 square cells as possible turbine locations has been taken, and the optimization is applied to the number and position of the turbines for three wind cases: single direction, constant intensity with variable direction, and variable intensity with variable direction. {\textcopyright} 1994.},
author = {Mosetti, G. and Poloni, C. and Diviacco, B.},
doi = {10.1016/0167-6105(94)90080-9},
file = {:C\:/Users/david/AppData/Local/Mendeley Ltd./Mendeley Desktop/Downloaded/Mosetti, Poloni, Diviacco - 1994 - Optimization of wind turbine positioning in large windfarms by means of a genetic algorithm.pdf:pdf},
issn = {01676105},
journal = {Journal of Wind Engineering and Industrial Aerodynamics},
number = {1},
pages = {105--116},
title = {{Optimization of wind turbine positioning in large windfarms by means of a genetic algorithm}},
volume = {51},
year = {1994}
}
@article{Pierezan2018,
abstract = {The behavior of natural phenomena has become one of the most popular sources for researchers to design optimization algorithms for scientific, computing and engineering fields. As a result, a lot of nature-inspired algorithms have been proposed in the last decades. Due to the numerous issues of the global optimization process, new algorithms are always welcome in this research field. This paper introduces the Coyote Optimization Algorithm (COA), which is a population based metaheuristic for optimization inspired on the canis latrans species. It contributes with a new algorithmic structure and mechanisms for balancing exploration and exploitation. A set of boundary constrained real parameter optimization benchmarks is tested and a comparative study with other nature-inspired metaheuristics is provided to investigate the performance of the COA. Numerical results and non-parametric statistical significance tests indicate that the COA is capable of locating promising solutions and it outperforms other metaheuristics on most tested functions.},
author = {Pierezan, Juliano and {Dos Santos Coelho}, Leandro},
doi = {10.1109/CEC.2018.8477769},
file = {:C\:/Users/david/AppData/Local/Mendeley Ltd./Mendeley Desktop/Downloaded/Pierezan, Dos Santos Coelho - 2018 - Coyote Optimization Algorithm A New Metaheuristic for Global Optimization Problems.pdf:pdf},
isbn = {9781509060177},
journal = {2018 IEEE Congress on Evolutionary Computation, CEC 2018 - Proceedings},
keywords = {Bio-inspired metaheuristics,Coyote Optimization Algorithm,Global Optimization},
title = {{Coyote Optimization Algorithm: A New Metaheuristic for Global Optimization Problems}},
year = {2018}
}
@article{Perez2013a,
author = {P{\'{e}}rez, Beatriz and M{\'{i}}nguez, Roberto and Guanche, Ra{\'{u}}l},
doi = {10.1016/j.renene.2012.12.007},
issn = {09601481},
journal = {Renewable Energy},
keywords = {Heuristic optimization,Layout optimization,Offshore wind farm,Wake effect},
month = {may},
pages = {389--399},
publisher = {Pergamon},
title = {{Offshore wind farm layout optimization using mathematical programming techniques}},
volume = {53},
year = {2013}
}
@article{Guvenc2019,
abstract = {Fossil fuels used in power system cause air pollution and global warming because of releasing greenhouse gases. Nowadays, renewable energy especially wind power has more widespread in power generation due to ecological concerns and increasing fuel prices. Therefore, it is presented the Economic Dispatch integrated wind power approach in this paper. However, wind power is stochastic because wind speed is uncertain in nature. Therefore Weibull Probability Density Function (PDF) and Incomplete Gamma Function (IGF) are used to estimating and modelling wind power. To solve the problem effectively, Coyote Optimization Algorithm (COA) is implemented to the problem and it was tested on various power system consisting thermal generator and wind power generator. Simulation results generated by COA are compared with other heuristic algorithm such as GA and PSO. It can be clearly seen that COA produces better results than GA and PSO.},
author = {G{\"{u}}ven{\c{c}}, Uǧur and Kaymaz, Enes},
doi = {10.1109/SGCF.2019.8782354},
file = {:C\:/Users/david/AppData/Local/Mendeley Ltd./Mendeley Desktop/Downloaded/G{\"{u}}ven{\c{c}}, Kaymaz - 2019 - Economic Dispatch Integrated Wind Power Using Coyote Optimization Algorithm.pdf:pdf},
isbn = {9781728113159},
journal = {7th International Istanbul Smart Grids and Cities Congress and Fair, ICSG 2019 - Proceedings},
keywords = {coyote optimization algorithm,economic dispatch,renewable energy,wind power},
number = {1},
pages = {179--183},
title = {{Economic Dispatch Integrated Wind Power Using Coyote Optimization Algorithm}},
volume = {1},
year = {2019}
}
@article{FredericoFerreiraPanoeiro2018,
author = {{Frederico Ferreira Panoeiro} and {Vin{\'{i}}cius Albuquerque Cabral} and {Ivo Chaves da Silva Junior} and {Leonardo Willer de Oliveira}},
doi = {10.20906/cps/cba2018-0181},
file = {:C\:/Users/david/AppData/Local/Mendeley Ltd./Mendeley Desktop/Downloaded/Frederico Ferreira Panoeiro et al. - 2018 - Otimiza{\c{c}}{\~{a}}o De Layout De Parques E{\'{o}}licos Com Representa{\c{c}}{\~{a}}o Das Dire{\c{c}}{\~{o}}es De Ventos.pdf:pdf},
journal = {Proceedings XXII Congresso Brasileiro de Autom{\'{a}}tica},
keywords = {artificial immune system,associados com dire{\c{c}}{\~{o}}es distintas,atrav{\'{e}}s de diferentes cen{\'{a}}rios,de layout de parques,de sua configura{\c{c}}{\~{a}}o {\'{o}}tima,e minimiza{\c{c}}{\~{a}}o dos custos,e suas,efeito de regimes de,e{\'{o}}licos consiste na determina{\c{c}}{\~{a}}o,maximiza{\c{c}}{\~{a}}o da pot{\^{e}}ncia convertida,o presente,o problema de otimiza{\c{c}}{\~{a}}o,optimum layout,pontos de vista de,probabilities,relacionados ao empreendimento,resumo,sob os,trabalho prop{\~{o}}e avaliar o,ventos,wind direction,wind farms},
title = {{Otimiza{\c{c}}{\~{a}}o De Layout De Parques E{\'{o}}licos Com Representa{\c{c}}{\~{a}}o Das Dire{\c{c}}{\~{o}}es De Ventos}},
year = {2018}
}
@article{Ferrari2019,
author = {Ferrari, Allan and Leandro, Gideon and {dos Santos Coelho}, Leandro and Pierezan, Juliano and Manke, Luiz Felipe},
doi = {10.17648/sbai-2019-111385},
file = {:C\:/Users/david/AppData/Local/Mendeley Ltd./Mendeley Desktop/Downloaded/Ferrari et al. - 2019 - Algoritmo De Otimiza{\c{c}}{\~{a}}o Do Coiote Aplicado Na Identifica{\c{c}}{\~{a}}o De Um Sistema Multivari{\'{a}}vel.pdf:pdf},
keywords = {algoritmo de otimiza{\c{c}}{\~{a}}o do,coiote,coyote optimization algorithm,identification,identifica{\c{c}}{\~{a}}o,metaheuristics,metaheur{\'{i}}sticas,palavras-chaves,real multivariable system,sistema multivari{\'{a}}vel},
pages = {1713--1718},
title = {{Algoritmo De Otimiza{\c{c}}{\~{a}}o Do Coiote Aplicado Na Identifica{\c{c}}{\~{a}}o De Um Sistema Multivari{\'{a}}vel}},
year = {2019}
}
@article{pookpunt,
abstract = {This paper proposes a binary particle swarm optimization (BPSO) with time-varying acceleration coefficients (TVAC) for solving optimal placement of wind turbines within a wind farm. The objective is to extract the maximum turbine power output in a minimum investment cost within a wind farm. The BPSO-TVAC algorithm is applied to 100 square cells test site considering uniform wind and non-uniform wind speed with variable direction characteristics. Linear wake model is used to calculate downstream wind speed. Test results indicate that BPSO-TVAC investment cost per installed power of both uniform and non-uniform wind speed with variable wind direction are lower than those obtained from genetic algorithm and evolutive algorithm, BPSO-TVIW (time-varying inertia weight factor), BPSO-RANDIW (random inertia weight factor) and BPSO-RTVIWAC (random time-varying inertia weight and acceleration coefficients), leading to maximum power extracted in a least investment cost manner. {\textcopyright} 2012 Elsevier Ltd.},
author = {Pookpunt, Sittichoke and Ongsakul, Weerakorn},
doi = {10.1016/j.renene.2012.12.005},
file = {:C\:/Users/david/AppData/Local/Mendeley Ltd./Mendeley Desktop/Downloaded/Pookpunt, Ongsakul - 2013 - Optimal placement of wind turbines within wind farm using binary particle swarm optimization with time-varyi.pdf:pdf},
issn = {09601481},
journal = {Renewable Energy},
keywords = {Binary particle swarm optimization,Placement design,Wind farm,Wind turbine},
pages = {266--276},
title = {{Optimal placement of wind turbines within wind farm using binary particle swarm optimization with time-varying acceleration coefficients}},
volume = {55},
year = {2013}
}
